@book{bibunsho,
    author="奥村晴彦，黒木裕介",
    title="\LaTeXe 美文書作成入門",
    publisher="技術評論社",
    year="2017"
}

@online{jlisting,
    author="29man",
    title="jlisting.styのインストール",
    year=2009,
    url="https://ie.u-ryukyu.ac.jp/e075729/2009/08/02/jlistingsty%e3%81%ae%e3%82%a4%e3%83%b3%e3%82%b9%e3%83%88%e3%83%bc%e3%83%ab/",
    urldate="2020-08-15",
}

@Misc{why_fragile,
    title="listings - Can't insert code in my beamer slide - TeX - LaTeX Stack Exchange",
    howpublished="https://tex.stackexchange.com/questions/130109/cant-insert-code-in-my-beamer-slide",
}

@Misc{beamer_manual,
    title="The BEAMER class User Guide for version 3.59",
    howpublished="http://tug.ctan.org/macros/latex/contrib/beamer/doc/
    beameruserguide.pdf",
}
